[gd_scene load_steps=10 format=2]

[ext_resource path="res://crops/standard/plant.glb" type="PackedScene" id=1]
[ext_resource path="res://crops/standard/StandardCrop.cs" type="Script" id=2]
[ext_resource path="res://dice/D8/D8.glb" type="PackedScene" id=3]
[ext_resource path="res://dice/D6/D6.glb" type="PackedScene" id=4]
[ext_resource path="res://dice/D10/D10.glb" type="PackedScene" id=5]
[ext_resource path="res://dice/D12/D12.glb" type="PackedScene" id=6]
[ext_resource path="res://dice/D4/D4.glb" type="PackedScene" id=7]
[ext_resource path="res://dice/D20/D20.glb" type="PackedScene" id=8]
[ext_resource path="res://sound/plant.ogg" type="AudioStream" id=9]

[node name="StandardCrop" type="Spatial"]
script = ExtResource( 2 )

[node name="Model" parent="." instance=ExtResource( 1 )]
transform = Transform( 0.2, 0, 0, 0, 0.2, 0, 0, 0, 0.2, 0, 0.183233, 0 )

[node name="Dice" type="Spatial" parent="."]
transform = Transform( 0.2, 0, 0, 0, 0.2, 0, 0, 0, 0.2, 0, 1.12909, 0 )

[node name="4" parent="Dice" instance=ExtResource( 7 )]
visible = false

[node name="6" parent="Dice" instance=ExtResource( 4 )]
visible = false

[node name="8" parent="Dice" instance=ExtResource( 3 )]
visible = false

[node name="10" parent="Dice" instance=ExtResource( 5 )]
visible = false

[node name="12" parent="Dice" instance=ExtResource( 6 )]
visible = false

[node name="20" parent="Dice" instance=ExtResource( 8 )]
visible = false

[node name="Plant" type="AudioStreamPlayer3D" parent="."]
stream = ExtResource( 9 )
unit_db = 1.0
autoplay = true
