[gd_scene load_steps=6 format=2]

[ext_resource path="res://ui/defeat/DefeatScreen.cs" type="Script" id=1]
[ext_resource path="res://ui/main_menu/StartButton.cs" type="Script" id=2]
[ext_resource path="res://ui/main_menu/QuitButton.cs" type="Script" id=3]
[ext_resource path="res://ui/fonts/medium.tres" type="DynamicFont" id=4]
[ext_resource path="res://ui/fonts/title.tres" type="DynamicFont" id=5]

[node name="DefeatScreen" type="Control"]
anchor_right = 1.0
anchor_bottom = 1.0
rect_pivot_offset = Vector2( -793, -163 )
script = ExtResource( 1 )

[node name="VBoxContainer3" type="VBoxContainer" parent="."]
margin_left = 32.0
margin_top = 32.0
margin_right = 210.0
margin_bottom = 197.0

[node name="Label" type="Label" parent="VBoxContainer3"]
margin_right = 210.0
margin_bottom = 93.0
custom_fonts/font = ExtResource( 5 )
text = "Defeat"

[node name="VBoxContainer2" type="VBoxContainer" parent="VBoxContainer3"]
margin_top = 97.0
margin_right = 210.0
margin_bottom = 197.0

[node name="StartButton" type="Button" parent="VBoxContainer3/VBoxContainer2"]
margin_right = 210.0
margin_bottom = 48.0
focus_mode = 0
custom_colors/font_color_disabled = Color( 1, 1, 1, 1 )
custom_colors/font_color_focus = Color( 1, 1, 1, 1 )
custom_colors/font_color = Color( 1, 1, 1, 1 )
custom_colors/font_color_hover = Color( 0.619608, 0.619608, 0.619608, 1 )
custom_colors/font_color_pressed = Color( 0.352941, 0.352941, 0.352941, 1 )
custom_fonts/font = ExtResource( 4 )
enabled_focus_mode = 0
text = "Try Again"
flat = true
align = 0
script = ExtResource( 2 )

[node name="QuitButton" type="Button" parent="VBoxContainer3/VBoxContainer2"]
margin_top = 52.0
margin_right = 210.0
margin_bottom = 100.0
focus_mode = 0
custom_colors/font_color_disabled = Color( 1, 1, 1, 1 )
custom_colors/font_color_focus = Color( 1, 1, 1, 1 )
custom_colors/font_color = Color( 1, 1, 1, 1 )
custom_colors/font_color_hover = Color( 0.619608, 0.619608, 0.619608, 1 )
custom_colors/font_color_pressed = Color( 0.352941, 0.352941, 0.352941, 1 )
custom_fonts/font = ExtResource( 4 )
enabled_focus_mode = 0
text = "Quit"
flat = true
align = 0
script = ExtResource( 3 )
