[gd_scene load_steps=15 format=2]

[ext_resource path="res://base/player/Player.cs" type="Script" id=1]
[ext_resource path="res://base/player/CameraController.cs" type="Script" id=2]
[ext_resource path="res://base/player/Helicopter.cs" type="Script" id=3]
[ext_resource path="res://tiles/highlight/tile_highlight.tscn" type="PackedScene" id=4]
[ext_resource path="res://base/player/helicopter.glb" type="PackedScene" id=5]
[ext_resource path="res://base/player/TailRotor.glb" type="PackedScene" id=6]
[ext_resource path="res://base/player/MainRotor.glb" type="PackedScene" id=7]
[ext_resource path="res://base/player/AutoplayChildAnim.cs" type="Script" id=8]
[ext_resource path="res://base/player/trace_07.png" type="Texture" id=9]
[ext_resource path="res://sound/harvest.ogg" type="AudioStream" id=10]

[sub_resource type="PrismMesh" id=1]
size = Vector3( 1, 1, 1 )

[sub_resource type="SpatialMaterial" id=2]
flags_transparent = true
flags_unshaded = true
params_blend_mode = 1
params_billboard_mode = 2
params_billboard_keep_scale = true
albedo_texture = ExtResource( 9 )

[sub_resource type="ParticlesMaterial" id=3]
emission_shape = 1
emission_sphere_radius = 0.1
direction = Vector3( 0, 1, 0 )
spread = 0.0
gravity = Vector3( 0, 0, 0 )
initial_velocity = 3.0
color = Color( 0.956863, 0.94902, 0.858824, 1 )

[sub_resource type="QuadMesh" id=4]

[node name="Player" type="Spatial"]
script = ExtResource( 1 )

[node name="CameraHolder" type="Spatial" parent="."]

[node name="CameraSpot" type="Spatial" parent="CameraHolder"]
transform = Transform( 1, 0, 0, 0, 0.707107, 0.707107, 0, -0.707107, 0.707107, 0, 7, 5 )
script = ExtResource( 2 )

[node name="Camera" type="Camera" parent="CameraHolder/CameraSpot"]
current = true

[node name="Helicopter" type="Spatial" parent="."]
transform = Transform( 1, 0, 0, 0, -0.00684165, -0.999977, 0, 0.999977, -0.00684165, -5.25, 4, 0 )
script = ExtResource( 3 )

[node name="MeshInstance" type="MeshInstance" parent="Helicopter"]
transform = Transform( 1, 0, 0, 0, -1, 8.75443e-08, 0, -8.75443e-08, -1, 0, -0.3, 2.38419e-07 )
visible = false
mesh = SubResource( 1 )
material/0 = null

[node name="helicopter" parent="Helicopter" instance=ExtResource( 5 )]
transform = Transform( 1.91068e-16, -4.37114e-09, 0.1, -0.0999999, -4.36557e-09, -3.46945e-18, 4.36557e-09, -0.1, -4.37114e-09, 0, 0, 0 )

[node name="MainRotor" parent="Helicopter" instance=ExtResource( 7 )]
transform = Transform( 1.91069e-16, -4.37114e-09, 0.1, -0.1, -4.37114e-09, 0, 4.37114e-09, -0.1, -4.37114e-09, 0, 0, 0 )
script = ExtResource( 8 )

[node name="TailRotor" parent="Helicopter" instance=ExtResource( 6 )]
transform = Transform( 1.91069e-16, -4.37114e-09, 0.1, -0.1, -4.37114e-09, 0, 4.37114e-09, -0.1, -4.37114e-09, 0, 0, 0 )
script = ExtResource( 8 )

[node name="Particles" type="Particles" parent="Helicopter"]
transform = Transform( 1, 0, 0, 0, 0.00342078, 0.999994, 0, -0.999994, 0.00342078, 0, 0.0220162, 3.2179 )
material_override = SubResource( 2 )
amount = 25
process_material = SubResource( 3 )
draw_pass_1 = SubResource( 4 )

[node name="HarvestSound" type="AudioStreamPlayer3D" parent="Helicopter"]
stream = ExtResource( 10 )
unit_db = 8.067

[node name="Highlight" parent="." instance=ExtResource( 4 )]
