[gd_scene load_steps=14 format=2]

[ext_resource path="res://dice/D4/D4Legs.glb" type="PackedScene" id=1]
[ext_resource path="res://dice/D6/D6Legs.glb" type="PackedScene" id=2]
[ext_resource path="res://dice/D8/D8Legs.glb" type="PackedScene" id=3]
[ext_resource path="res://dice/D10/D10Legs.glb" type="PackedScene" id=4]
[ext_resource path="res://dice/D12/D12Legs.glb" type="PackedScene" id=5]
[ext_resource path="res://dice/D20/D20Legs.glb" type="PackedScene" id=6]
[ext_resource path="res://dice/Projectile.cs" type="Script" id=7]
[ext_resource path="res://sound/card_hit.ogg" type="AudioStream" id=8]
[ext_resource path="res://dice/star_07.png" type="Texture" id=9]

[sub_resource type="SphereShape" id=1]
radius = 0.190563

[sub_resource type="SpatialMaterial" id=2]
flags_transparent = true
flags_unshaded = true
params_blend_mode = 1
params_billboard_mode = 3
params_billboard_keep_scale = true
particles_anim_h_frames = 1
particles_anim_v_frames = 1
particles_anim_loop = false
albedo_texture = ExtResource( 9 )

[sub_resource type="ParticlesMaterial" id=3]
trail_divisor = 4
gravity = Vector3( 0, -1, 0 )
angle = 360.0
angle_random = 1.0
scale = 0.4
color = Color( 1, 0.796078, 0, 1 )

[sub_resource type="QuadMesh" id=4]

[node name="DiceProjectile" type="Spatial"]
script = ExtResource( 7 )

[node name="Model" type="Spatial" parent="."]
transform = Transform( 0.1, 0, 0, 0, 0.1, 0, 0, 0, 0.1, 0, 0, 0 )

[node name="4" parent="Model" instance=ExtResource( 1 )]
visible = false

[node name="6" parent="Model" instance=ExtResource( 2 )]
visible = false

[node name="8" parent="Model" instance=ExtResource( 3 )]
visible = false

[node name="10" parent="Model" instance=ExtResource( 4 )]
visible = false

[node name="12" parent="Model" instance=ExtResource( 5 )]
visible = false

[node name="20" parent="Model" instance=ExtResource( 6 )]
visible = false

[node name="HitArea" type="Area" parent="."]

[node name="CollisionShape" type="CollisionShape" parent="HitArea"]
shape = SubResource( 1 )

[node name="Hit" type="AudioStreamPlayer3D" parent="."]
stream = ExtResource( 8 )
unit_db = 3.0
unit_size = 5.0
max_db = 6.0

[node name="Particles" type="Particles" parent="."]
material_override = SubResource( 2 )
amount = 16
local_coords = false
process_material = SubResource( 3 )
draw_pass_1 = SubResource( 4 )
